<?xml version="1.0" encoding="UTF-8"?><collection xmlns="http://www.loc.gov/MARC21/slim"><record><leader>00457nam--2200133-i-4500</leader><controlfield tag="001">000005511</controlfield><controlfield tag="002">20161230</controlfield><controlfield tag="005">20161230201026</controlfield><controlfield tag="008">060222s1000------------r-----000-0-eng-d</controlfield><datafield ind1=" " ind2=" " tag="080"><subfield code="a">539.171</subfield></datafield><datafield ind1=" " ind2=" " tag="100"><subfield code="a">Arvieux, J.Et Raynal, J</subfield></datafield><datafield ind1=" " ind2=" " tag="245"><subfield code="a">Relations entre les mesures de correlations de spin dans la diffusion elastique nucleon-deu- ton si le spin de la voie est conserve</subfield></datafield><datafield ind1=" " ind2=" " tag="260"><subfield code="a">Saclay, Centre D Etudes Nucleaires, 1967 15 P. + 2 Figuri</subfield></datafield><datafield ind1=" " ind2=" " tag="852"><subfield code="a">25779</subfield></datafield></record></collection>